@book{elo1978rating,
  author = {Elo, A.},
  title = {{The Rating Of Chess Players, Past \& Present}},
  publisher = {Arco},
  year = {1978}
}

@article{thurstone1927method,
  title={{The method of paired comparisons for social values}},
  author={Thurstone, L.},
  journal={Journal of Abnormal and Social Psychology},
  volume={21},
  number={4},
  pages={384--400},
  year={1927},
  publisher={APA}
}

@unpublished{negahban2014rank,
  title={{Rank Centrality: Ranking from Pair-wise Comparisons}},
  author={Negahban, S. and Oh, S. and Shah, D.},
  archivePrefix={arXiv},
  eprint={1209.1688},
  primaryClass={cs.LG},
  note={preprint, {\tt arXiv:1209.1688v2 [cs.LG]}},
  month=jan,
  year={2014}
}

@inproceedings{negahban2012iterative,
  title={{Iterative Ranking from Pair-wise Comparisons}},
  author={Negahban, S. and Oh, S. and Shah, D.},
  year = {2012},
  booktitle = {Advances in Neural Information Processing Systems 25 (NIPS 2012)},
  address = {Lake Tahoe, CA}
}

@inproceedings{hajek2014minimax,
  author = {Hajek, B. and Oh, S. and Xu, J.},
  title = {{Minimax-optimal Inference from Partial Rankings}},
  year = {2014},
  booktitle = {Advances in Neural Information Processing Systems 27 (NIPS 2014)},
  address = {Montreal, QC, Canada}
}

@inproceedings{rajkumar2014statistical,
  author = {Rajkumar, A. and Agarwal, S.},
  title = {{A Statistical Convergence Perspective of Algorithms for Rank Aggregation from Pairwise Data}},
  year = {2014},
  booktitle = {Proceedings of the 31$^{st}$ International Conference on Machine Learning (ICML 2014)},
  address = {Beijing, China}
}

@article{hunter2004mm,
  author = {Hunter, D. R.},
  title = {{MM algorithms for generalized Bradley--Terry models}},
  journal =	{The Annals of Statistics},
  year = {2004},
  volume = {32},
  number = {1},
  pages = {384--406}
}

@article{bradley1952rank,
  author = {Bradley, R. A. and Terry, M. E.},
  title = {{Rank Analysis of Incomplete Block Designs: I. The Method of Paired Comparisons}},
  journal =	{Biometrika},
  year = {1952},
  volume = {39},
  number = {3/4},
  pages = {324--345}
}

@article{zermelo1928berechnung,
  author = {Zermelo, E.},
  title = {{Die Berechnung der Turnier-Ergebnisse als ein Maximumproblem der Wahrscheinlichkeitsrechnung}},
  journal =	{Mathematische Zeitschrift},
  year = {1928},
  volume = {29},
  number = {1},
  pages = {436--460}
}

@incollection{kamishima2009efficient,
  title={{Efficient Clustering for Orders}},
  author={Kamishima, T. and Akaho, S.},
  booktitle={Mining Complex Data},
  pages={261--279},
  year={2009},
  publisher={Springer}
}

@unpublished{salganik2014wiki,
  title={{Wiki surveys: Open and quantifiable social data collection}},
  author={Salganik, M. and Levy, K.},
  archivePrefix={arXiv},
  eprint={1209.1688},
  primaryClass={cs.LG},
  note={preprint, {\tt arXiv:1209.1688v2 [cs.LG]}},
  month=jan,
  year={2014}
}

@article{dykstra1956note,
  title={{A Note on the Rank Analysis of Incomplete Block Designs--Applications beyond the Scope of Existing Tables}},
  author={Dykstra, Jr., O.},
  journal={Biometrics},
  volume={12},
  number={3},
  pages={301--306},
  year={1956},
}

@article{dykstra1960rank,
  title={{Rank Analysis of Incomplete Block Designs: A Method of Paired Comparisons Employing Unequal Repetitions on Pairs}},
  author={Dykstra, Jr., O.},
  journal={Biometrics},
  volume={16},
  number={2},
  pages={176--188},
  year={1960},
}

@inproceedings{azari2013generalized,
  title={{Generalized Method-of-Moments for Rank Aggregation}},
  author={Azari Soufiani, H. and Chen, W. Z. and Parkes, D. C. and Xia, L.},
  booktitle={Advances in Neural Information Processing Systems 26 (NIPS 2013)},
  address={Lake Tahoe, CA},
  year={2013}
}

@inproceedings{azari2014computing,
  title={{Computing Parametric Ranking Models via Rank-Breaking}},
  author={Azari Soufiani, H. and Parkes, D. C. and Xia, L.},
  booktitle={Proceedings of the 31$^{st}$ International Conference on Machine Learning (ICML 2014)},
  year={2014},
  address = {Beijing, China}
}

@inproceedings{kumar2015inverting,
  title={{Inverting a Steady-State}},
  author={Kumar, R. and Tomkins, A. and Vassilvitskii, S. and Vee, E.},
  booktitle={Proceedings of the 8$^{th}$ International Conference on Web Search and Data Mining (WSDM 2015)},
  pages={359--368},
  year={2015}
}

@article{ford1957solution,
  title={{Solution of a Ranking Problem from Binary Comparisons}},
  author={Ford, Jr., L. R.},
  journal={The American Mathematical Monthly},
  pages={28--33},
  year={1957},
  volume={64},
  number={8}
}

@inproceedings{fogel2014serialrank,
  title={{SerialRank: Spectral Ranking using Seriation}},
  author={Fogel, F. and d'Aspremont, A. and Vojnovic, M.},
  booktitle={Advances in Neural Information Processing Systems 27 (NIPS 2014)},
  address = {Lake Tahoe, CA},
  year={2014}
}

@article{hastie1998classification,
  title={{Classification by pairwise coupling}},
  author={Hastie, T. and Tibshirani, R.},
  journal={The Annals of Statistics},
  volume={26},
  number={2},
  pages={451--471},
  year={1998}
}

@book{saaty1980analytic,
  author = {Saaty, T. L.},
  title = {{The Analytic Hierarchy Process: Planning, Priority Setting, Resource Allocation}},
  publisher = {McGraw-Hill},
  year = {1980}
}

@article{saaty1987rank,
  title={{Rank According to Perron: A New Insight}},
  author={Saaty, T. L.},
  journal={Mathematics Magazine},
  volume={60},
  number={4},
  pages={211--213},
  year={1987}
}

@article{jiang2010statistical,
  title={{Statistical ranking and combinatorial Hodge theory}},
  author={Jiang, X. and Lim, L.-H. and Yao, Y. and Ye, Y.},
  journal={Mathematical Programming},
  volume={127},
  number={1},
  pages={203--244},
  year={2011}
}

@techreport{page1998pagerank,
  title={{The PageRank Citation Ranking: Bringing Order to the Web.}},
  author={Page, L. and Brin, S. and Motwani, R. and Winograd, T.},
  institution={Stanford University},
  year={1998},
  publisher={Stanford InfoLab}
}

@book{luce1959individual,
  title={{Individual Choice Behavior: A Theoretical Analysis}},
  author={Luce, R. D.},
  year={1959},
  publisher={Wiley}
}

@article{plackett1975analysis,
  title={{The Analysis of Permutations}},
  author={Plackett, R. L.},
  journal={Journal of the Royal Statistical Society, Series C (Applied Statistics)},
  volume={24},
  number={2},
  pages={193--202},
  year={1975}
}

@inproceedings{guiver2009bayesian,
  author = {Guiver, J. and Snelson, E.},
  title = {{Bayesian inference for Plackett--Luce ranking models}},
  year = {2009},
  booktitle = {Proceedings of the 26$^{th}$ International Conference on Machine Learning (ICML 2009)},
  address = {Montreal, Canada}
}

@article{caron2012efficient,
  title={{Efficient Bayesian Inference for Generalized Bradley--Terry models}},
  author={Caron, F. and Doucet, A.},
  journal={Journal of Computational and Graphical Statistics},
  volume={21},
  number={1},
  pages={174--196},
  year={2012}
}

@inproceedings{dwork2001rank,
  title={{Rank Aggregation Methods for the Web}},
  author={Dwork, C. and Kumar, R. and Naor, M. and Sivakumar, D.},
  booktitle={Proceedings of the 10$^{th}$ international conference on World Wide Web (WWW 2001)},
  year={2001},
  address = {Hong Kong, China}
}

@article{simons1999asymptotics,
  title={{Asymptotics when the number of parameters tends to infinity in the Bradley--Terry model for paired comparisons}},
  author={Simons, G. and Yao, Y.-C.},
  journal={The Annals of Statistics},
  volume={27},
  number={3},
  pages={1041--1060},
  year={1999}
}

@article{rao1967ties,
  title={{Ties in Paired-Comparison Experiments: A Generalization of the Bradley-Terry Model}},
  author={Rao, P. V. and Kupper, L. L.},
  journal={Journal of the American Statistical Association},
  volume={62},
  number={317},
  pages={194--204},
  year={1967}
}

@inproceedings{anandkumar2012spectral,
  title={{A Spectral Algorithm for Latent Dirichlet Allocation}},
  author={Anandkumar, A. and Foster, D. P. and Hsu, D. and Kakade, S. M. and Liu, Y.-K.},
  year = {2012},
  booktitle = {Advances in Neural Information Processing Systems 25 (NIPS 2012)},
  address = {Lake Tahoe, CA}
}

@incollection{mcfadden1973conditional,
  author={McFadden, D.},
  title={Conditional logit analysis of qualitative choice behavior},
  editor={Zarembka, P.},
  booktitle={Frontiers in Econometrics},
  pages={105--142},
  year={1973},
  publisher={Academic Press}
}

@misc{shetty2012quantifying,
  author={Shetty, S.},
  title={{Quantifying comedy on YouTube: why the number of oâ€™s in your LOL matter}},
  year={2012},
  url={\url{http://googleresearch.blogspot.com/2012/02/quantifying-comedy-on-youtube-why.html}},
  note = "[Online; accessed 27-May-2015]"
}

@book{norris1997markov,
  title={{Markov Chains}},
  author={Norris, J. R.},
  year={1997},
  publisher={Cambridge University Press}
}

@book{levin2008markov,
  title={{Markov Chains and Mixing Times}},
  author={Levin, D. A. and Peres, Y. and Wilmer, E. L.},
  year={2008},
  publisher={American Mathematical Society}
}

@misc{tresch2007convergence,
  title={{Convergence Proof for discrete ergodic Markov Chains}},
  author={Tresch, A.},
  howpublished={Course notes, \url{http://www.treschgroup.de/MachineLearning.html}},
  year={2008},
  month=jan
}

@misc{petersdorff2014fixed,
  title={{Fixed Point Iteration and Contraction Mapping Theorem}},
  author={von Petersdorff, T.},
  howpublished={Course notes, \url{http://terpconnect.umd.edu/~petersd/666/}},
  year={2014}
}

@book{anderson1999lapack,
  author={Anderson, E. and Bai, Z. and Bischof, C. and Blackford, S. and Demmel, J. and Dongarra, J. and Du Croz, J. and Greenbaum, A. and Hammarling, S. and McKenney, A. and Sorensen, D.},
  title={{LAPACK Users' Guide}},
  edition={Third},
  publisher={SIAM},
  year={1999}
}

@article{demmel1999supernodal,
  title={{A Supernodal Approach to Sparse Partial Pivoting}},
  author={Demmel, J. W. and Eisenstat, S. C. and Gilbert, J. R. and Li, X. S. and Liu, J. W. H.},
  journal={SIAM Journal on Matrix Analysis and Applications},
  volume={20},
  number={3},
  pages={720--755},
  year={1999},
  publisher={SIAM}
}

@article{halko2011finding,
  title={{Finding Structure with Randomness: Probabilistic Algorithms for Constructing Approximate Matrix Decompositions}},
  author={Halko, N. and Martinsson, P.-G. and Tropp, J. A.},
  journal={SIAM Review},
  volume={53},
  number={2},
  pages={217--288},
  year={2011},
  publisher={SIAM}
}
